@book{bruegge2004object,
  title     = {Object Oriented Software Engineering Using UML, Patterns, and Java},
  author    = {Bruegge, Bernd and Dutoit, Allen H},
  year      = {2009},
  publisher = {Prentice Hall}
}

@mastersthesis{aberle2022,
  author = {Moritz Aberle},
  school = {Technical University of Munich, School of Computation, Information and Technology},
  title  = {Adaptive Learning in an Interactive Teaching Plaform},
  year   = {2022}
}

@mastersthesis{waldhauser2021,
  type   = {Bachelor's Thesis},
  author = {Stefan Waldhauser},
  school = {Technical University of Munich, School of Computation, Information and Technology},
  title  = {Integration of Learning Analytics into Artemis},
  year   = {2021}
}

@mastersthesis{fuchs2021,
  type   = {Bachelor's Thesis},
  author = {Dominik Fuchs},
  school = {Technical University of Munich, School of Computation, Information and Technology},
  title  = {Teaching Analytics in Artemis},
  year   = {2021}
}

@article{mulryan2010teaching,
  title     = {Teaching large classes at college and university level: Challenges and opportunities},
  author    = {Mulryan-Kyne, Catherine},
  journal   = {Teaching in higher Education},
  volume    = {15},
  number    = {2},
  pages     = {175--185},
  year      = {2010},
  publisher = {Taylor \& Francis}
}

@book{kadison2004college,
  title     = {College of the overwhelmed: The campus mental health crisis and what to do about it},
  author    = {Kadison, Richard and DiGeronimo, Theresa Foy},
  volume    = {6},
  year      = {2004},
  publisher = {Jossey-Bass San Francisco, CA}
}

@article{graciani2020m,
  title     = {Why I'm Bored in Learning? Exploration of Students' Academic Motivation.},
  author    = {Graciani Hidajat, Helga and Hanurawan, Fattah and Chusniyah, Tutut and Rahmawati, Hetti},
  journal   = {International Journal of Instruction},
  volume    = {13},
  number    = {3},
  pages     = {119--136},
  year      = {2020},
  publisher = {ERIC}
}

@article{latham1991self,
  title     = {Self-regulation through goal setting},
  author    = {Latham, Gary P and Locke, Edwin A},
  journal   = {Organizational behavior and human decision processes},
  volume    = {50},
  number    = {2},
  pages     = {212--247},
  year      = {1991},
  publisher = {Elsevier}
}

@article{liu2017investigating,
  title     = {Investigating the effect of an adaptive learning intervention on studentsâ€™ learning},
  author    = {Liu, Min and McKelroy, Emily and Corliss, Stephanie B and Carrigan, Jamison},
  journal   = {Educational technology research and development},
  volume    = {65},
  pages     = {1605--1625},
  year      = {2017},
  publisher = {Springer}
}

@article{no2012self,
  title   = {Self-regulated learning},
  author  = {No, TEAL Center Fact Sheet},
  journal = {Just Write! Guide},
  pages   = {29},
  year    = {2012}
}

@inproceedings{Krusche_ArTEMiS_An_Automatic_2018,
  author    = {Krusche, Stephan and Seitz, Andreas},
  doi       = {10.1145/3159450.3159602},
  pages     = {284--289},
  publisher = {ACM},
  series    = {49th Technical Symposium on Computer Science Education},
  title     = {{ArTEMiS: An Automatic Assessment Management System for Interactive Learning}},
  year      = {2018}
}

@article{bjork2013self,
  title     = {Self-regulated learning: Beliefs, techniques, and illusions},
  author    = {Bjork, Robert A and Dunlosky, John and Kornell, Nate},
  journal   = {Annual review of psychology},
  volume    = {64},
  pages     = {417--444},
  year      = {2013},
  publisher = {Annual Reviews}
}

@article{butler1995feedback,
  title     = {Feedback and self-regulated learning: A theoretical synthesis},
  author    = {Butler, Deborah L and Winne, Philip H},
  journal   = {Review of educational research},
  volume    = {65},
  number    = {3},
  pages     = {245--281},
  year      = {1995},
  publisher = {Sage Publications Sage CA: Thousand Oaks, CA}
}